@article{1,
   author = {Farwig, Reinhard},
   title = {Jean Leray: Sur le mouvement d’un liquide visqueux emplissant l’espace},
   journal = {Jahresbericht der Deutschen Mathematiker-Vereinigung},
   volume = {119},
   number = {4},
   pages = {249-272},
   ISSN = {1869-7135},
   DOI = {10.1365/s13291-017-0160-y},
   url = {https://doi.org/10.1365/s13291-017-0160-y},
   year = {2017},
   type = {Journal Article}
}



@article{2,
  title={{\"U}ber die Anfangswertaufgabe f{\"u}r die hydrodynamischen Grundgleichungen. Erhard Schmidt zu seinem 75. Geburtstag gewidmet},
  author={Eberhard Hopf},
  journal={Mathematische Nachrichten},
  year={1950},
  volume={4},
  pages={213-231},
  url={https://api.semanticscholar.org/CorpusID:122526937}
}

@article{3,
  title={Un teorema di unicit{\`a} per le equazioni di Navier-Stokes},
  author={Giovanni Prodi},
  journal={Annali di Matematica Pura ed Applicata},
  year={1959},
  volume={48},
  pages={173-182},
  url={https://api.semanticscholar.org/CorpusID:119879501}
}

@article{4,
  title={On the interior regularity of weak solutions of the Navier-Stokes equations},
  author={James Serrin},
  journal={Archive for Rational Mechanics and Analysis},
  year={1962},
  volume={9},
  pages={187-195},
  url={https://api.semanticscholar.org/CorpusID:122802358}
}
@inproceedings{5,
  title={REMARK ON UNIQUENESS OF WEAK SOLUTIONS TO THE NAVIER-STOKES EQUATIONS},
  author={Hideo Kozono and Hermann Sohr},
  year={1996},
  url={https://api.semanticscholar.org/CorpusID:124253726}
}

@article{6,
   author = {Constantin, Peter and Weinan, E. and Titi, Edriss S.},
   title = {Onsager's conjecture on the energy conservation for solutions of Euler's equation},
   journal = {Communications in Mathematical Physics},
   volume = {165},
   number = {1},
   pages = {207-209},
   ISSN = {1432-0916},
   DOI = {10.1007/BF02099744},
   url = {https://doi.org/10.1007/BF02099744},
   year = {1994},
   type = {Journal Article}
}

@misc{7,
      title={A Proof of Onsager's Conjecture}, 
      author={Philip Isett},
      year={2024},
      eprint={1608.08301},
      archivePrefix={arXiv},
      primaryClass={math.AP},
      url={https://arxiv.org/abs/1608.08301}, 
}

@misc{8,
      title={Nonuniqueness of weak solutions to the Navier-Stokes equation}, 
      author={Tristan Buckmaster and Vlad Vicol},
      year={2018},
      eprint={1709.10033},
      archivePrefix={arXiv},
      primaryClass={math.AP},
      url={https://arxiv.org/abs/1709.10033}, 
}


@article{9,
  title={Sharp nonuniqueness for the Navier–Stokes equations},
  author={Alexey Cheskidov and Xiao-Xia Luo},
  journal={Inventiones mathematicae},
  year={2020},
  volume={229},
  pages={987 - 1054},
  url={https://api.semanticscholar.org/CorpusID:263795925}
}

@article {10,
    AUTHOR = {Albritton, Dallas and Bru\'e, Elia and Colombo, Maria},
     TITLE = {Non-uniqueness of {L}eray solutions of the forced
              {N}avier-{S}tokes equations},
   JOURNAL = {Ann. of Math. (2)},
  FJOURNAL = {Annals of Mathematics. Second Series},
    VOLUME = {196},
      YEAR = {2022},
    NUMBER = {1},
     PAGES = {415--455},
      ISSN = {0003-486X,1939-8980},
   MRCLASS = {35Q30 (35B30 35Q35 76D03)},
  MRNUMBER = {4429263},
MRREVIEWER = {Zhaoyang\ Shang},
       DOI = {10.4007/annals.2022.196.1.3},
       URL = {https://doi.org/10.4007/annals.2022.196.1.3},
}

@misc{11,
      title={Wild solutions of the Navier-Stokes equations whose singular sets in time have Hausdorff dimension strictly less than 1}, 
      author={Tristan Buckmaster and Maria Colombo and Vlad Vicol},
      year={2020},
      eprint={1809.00600},
      archivePrefix={arXiv},
      primaryClass={math.AP},
      url={https://arxiv.org/abs/1809.00600}, 
}

@article{12,
  title={Unicit{\'e} dans L3(R3) et d'autres espaces fonctionnels limites pour Navier-Stokes.},
  author={Giulia Furioli and Pierre Gilles Lemari{\'e}-Rieusset and Elide Terraneo},
  journal={Revista Matematica Iberoamericana},
  year={2000},
  volume={16},
  pages={605-667},
  url={https://api.semanticscholar.org/CorpusID:120756963}
}

@article{Fabes1972TheIV,
  title={The initial value problem for the Navier-Stokes equations with data in Lp},
  author={Eugene B. Fabes and B. Frank Jones and N{\'e}stor M. Rivi{\`e}re},
  journal={Archive for Rational Mechanics and Analysis},
  year={1972},
  volume={45},
  pages={222-240},
  url={https://api.semanticscholar.org/CorpusID:123678966}
}